@article{darkdomains,
    author  = {Clements, Kate and Elder, Benjamin and, Hackermueller, Lucia and Fromhold, Mark and Burrage, Clare },
    title   = "Detecting Dark Domain Walls",
    year    = "2023",
    journal = "arXiv",
}