@BOOK{carrolGravity,
  title = {An Introduction to General Relativity: Spacetime and Geometry},
  publisher = {Cambridge University Press},
  year = {2019},
  author = {Sean M. Carroll},
  address = {Cambridge, UK},
  edition = {2nd}
}